@inproceedings{hanrahan1991rapid,
  title =		 {A rapid hierarchical radiosity algorithm},
  author =		 {Hanrahan, Pat and Salzman, David and Aupperle,
                  Larry},
  booktitle =	 {ACM SIGGRAPH Computer Graphics},
  volume =		 {25},
  pages =		 {197--206},
  year =		 {1991},
  organization = {ACM}
}

@inproceedings{khodakovsky2000progressive,
  title =		 {Progressive geometry compression},
  author =		 {Khodakovsky, Andrei and Schr{\"o}der, Peter and
                  Sweldens, Wim},
  booktitle =	 {Proceedings of the 27th annual conference on
                  Computer graphics and interactive techniques},
  pages =		 {271--278},
  year =		 {2000},
  organization = {ACM Press/Addison-Wesley Publishing Co.}
}