@book{cohen2012radiosity,
  title =		 {Radiosity and realistic image synthesis},
  author =		 {Cohen, Michael F and Wallace, John R},
  year =		 {2012},
  publisher =	 {Elsevier}
}

@Misc{schorghofer-pcc,
  author =		 {Norbert Sch\"{o}rghofer},
  title =		 {Planetary Code Collection},
  howpublished = {https://github.com/nschorgh/Planetary-Code-Collection},
  year =		 {2018}
}